% Encoding: UTF-8

@Article{J:Moore:1956,
  author    = {Moore, Edward F.},
  title     = {{Gedanken Experiments on Sequential Machines}},
  journal   = {Automata Studies, Annals of Mathematical Studies},
  year      = {1956},
  volume    = {34},
  pages     = {129--153},
  owner     = {mamrani},
  timestamp = {2019-05-11},
}

@Proceedings{P:MPM:2006,
  title     = {Summary of the Workshop on Multi-Modelling Paradigms: Concepts and Tools},
  year      = {2006},
  editor    = {Giese, Holger and Levendovszky, Tihamer and Vangheluwe, Hans},
  owner     = {mamrani},
  timestamp = {2019-05-11},
}

@InProceedings{Broman-etAl:2012,
  author    = {Broman, David and Lee, Edward E. and Tripakis, Stavros and Torngren, Martin},
  title     = {Viewpoints, Formalisms, Languages, and Tools for CPS},
  booktitle = {Workshop on Multi-Paradigm Modelling},
  year      = {2012},
  owner     = {mamrani},
  timestamp = {2019-05-11},
}

@Article{J:Kuhne:2006,
  author    = {K\"uhne, Thomas},
  title     = {Matters of (Meta-) Modeling},
  journal   = {Journal on Software and Systems Modeling},
  year      = {2006},
  owner     = {mamrani},
  timestamp = {2019-05-11},
}

@Comment{jabref-meta: databaseType:bibtex;}
